@book{aggarwal,
author = {Aggarwal, Charu C.},
title = {{Data Mining: The Textbook}},
year = {2015}
}
