@Misc{asaad,
 author = {Asaad, Al-Ahmadgaid Bahauddin},
 title = {R: Principal Component Analysis on Imaging},
 url = {http://alstatr.blogspot.com/2014/12/principal-component-analysis-on-imaging.html}
}