@inbook {bajorski,
title = {Principal Component Analysis},
author = {Bajorski, Peter},
publisher = {John Wiley \& Sons, Inc.},
isbn = {9781118121955},
url = {http://dx.doi.org/10.1002/9781118121955.ch7},
doi = {10.1002/9781118121955.ch7},
pages = {193--240},
keywords = {PCA data dimensionality reduction, k, intrinsic linear dimensionality, PCA statistical inference},
booktitle = {Statistics for Imaging, Optics, and Photonics},
year = {2011},
}
