@book{bramer,
author = {Bramer, Max},
booktitle = {Undergraduate Topics in Computer Science},
pages = {444},
title = {{Principles of Data Mining}},
year = {2013}
}
