@phdthesis{datta,
  author       = {Soma Datta}, 
  title        = {A Multi-Stage Decision Algorithm for Rule Generation for Minority Class},
  school       = {Texas Tech University},
  year         = 2014,
  address      = {Lubbock, TX},
  month        = 8
}