@misc{fselector,
author={Piotr Romanski and Lars Kotthoff},
title={Package `{FSelector}'},
howpublished={Available at \url{https://cran.r-project.org/web/packages/FSelector/FSelector.pdf} (2017/04/23)}
}