@article{hartigan,
 URL = {http://www.jstor.org/stable/2346830},
 author = {J. A. Hartigan and M. A. Wong},
 journal = {Journal of the Royal Statistical Society. Series C (Applied Statistics)},
 number = {1},
 pages = {100-108},
 publisher = {[Wiley, Royal Statistical Society]},
 title = {Algorithm {AS} 136: A K-Means Clustering Algorithm},
 volume = {28},
 year = {1979}
}