@article{juarez,
    author      = {P. Juarez and P. Matthews-Juarez and D. Hood and W. Im and R. Levine and B. Kilbourne and M. Langston and M. Al-Hamdan and W. Crosson and M. Estes and S. Estes and V. Agboto and P. Robinson and S. Wilson and M. Lichtveld},
    title       = {The Public Health Exposome: A Population-Based, Exposure Science Approach to Health Disparities Research},
    journal     = {International Journal of Environmental Research and Public Health},
    volume      = {11},
    year        = {2014},
    month       = {12},
    number      = {12},
    pages       = {12866--12895}
}