@article{kershenbaum,
    author      = {A. Kershenbaum and M. Langston and R. Levine and A. Saxton and T. Oyana and B. Kilbourne and G. Rogers and L. Gittner and S. Baktash and P. Matthews-Juarez and P. Juarez},
    title       = {Exploration of Preterm Birth Rates Using the Public Health Exposome Database and Computational Analysis Methods},
    journal     = {International Journal of Environmental Research and Public Health},
    volume      = {11},
    year        = {2014},
    month       = {11},
    number      = {12},
    pages       = {12346--12366}
}