@inproceedings{quinlan2,
 author = {Quinlan, J. R.},
 title = {Generating Production Rules from Decision Trees},
 booktitle = {Proceedings of the 10th International Joint Conference on Artificial Intelligence - Volume 1},
 series = {IJCAI'87},
 year = {1987},
 pages = {304--307},
 numpages = {4}
} 
