@article{quinlan,
title = "Simplifying decision trees",
journal = "International Journal of Man-Machine Studies",
volume = "27",
number = "3",
pages = "221 - 234",
year = "1987",
author = "J.R. Quinlan"
}