@article{raman,
	author = {Rita Raman},
	title = {Epigenetics and the exposomes: Obesity and beyond},
	journal = {International Journal of Nutrology},
	volume = {6},
	number = {3},
	year = {2013}
}
