@misc{rpart,
author={Terry Therneau and Beth Atkinson},
title={Package `{rpart}'},
howpublished={Available at \url{https://cran.r-project.org/web/packages/rpart/rpart.pdf} (2017/04/23)}
}